<?xml version="1.0" encoding="UTF-8"?><record xmlns="http://www.loc.gov/MARC21/slim" xmlns:cinclude="http://apache.org/cocoon/include/1.0" xmlns:zs="http://www.loc.gov/zing/srw/">
  <leader>00509nz  a2200133n  4500</leader>
  <controlfield tag="001">n  91040579 </controlfield>
  <controlfield tag="003">DLC</controlfield>
  <controlfield tag="005">19910425075822.2</controlfield>
  <controlfield tag="008">910425n| acannaab|          |a aaa |||  </controlfield>
  <datafield tag="010" ind1=" " ind2=" ">
    <subfield code="a">n  91040579 </subfield>
  </datafield>
  <datafield tag="040" ind1=" " ind2=" ">
    <subfield code="a">DLC</subfield>
    <subfield code="c">DLC</subfield>
  </datafield>
  <datafield tag="100" ind1="1" ind2="0">
    <subfield code="a">Salʹnikov, E. N.</subfield>
    <subfield code="q">(Evgeniĭ Nikolaevich)</subfield>
  </datafield>
  <datafield tag="400" ind1="1" ind2="0">
    <subfield code="a">Salʹnikov, Evgeniĭ Nikolaevich</subfield>
  </datafield>
  <datafield tag="670" ind1=" " ind2=" ">
    <subfield code="a">Kovtoni︠u︡k, N. F. Fotochuvstvitelʹnye MDP-pribory dli︠a︡ preobrazovanii︠a︡ izobrazheniĭ, 1990:</subfield>
    <subfield code="b">t.p. (E.N. Salʹnikov) verso t.p. (Salʹnikov Evgeniĭ Nikolaevich)</subfield>
  </datafield>
</record>